<?xml version="1.0" encoding="UTF-8"?><record xmlns="http://www.loc.gov/MARC21/slim" xmlns:cinclude="http://apache.org/cocoon/include/1.0" xmlns:zs="http://www.loc.gov/zing/srw/">
  <leader>00785nz  a2200157n  4500</leader>
  <controlfield tag="001">n 2015221655</controlfield>
  <controlfield tag="003">DLC</controlfield>
  <controlfield tag="005">20150904020504.0</controlfield>
  <controlfield tag="008">150904n| azannaabn          |b ana      </controlfield>
  <datafield tag="010" ind1=" " ind2=" ">
    <subfield code="a">n 2015221655</subfield>
  </datafield>
  <datafield tag="040" ind1=" " ind2=" ">
    <subfield code="a">DLC</subfield>
    <subfield code="b">eng</subfield>
    <subfield code="c">DLC</subfield>
    <subfield code="e">rda</subfield>
  </datafield>
  <datafield tag="110" ind1="1" ind2=" ">
    <subfield code="a">Afghanistan.</subfield>
    <subfield code="b">Vizārat-i Plān.</subfield>
    <subfield code="b">Riyāsat-i Taʻāvun-i Iqtiṣādī va Tikhnīkī</subfield>
  </datafield>
  <datafield tag="370" ind1=" " ind2=" ">
    <subfield code="c">Afghanistan</subfield>
  </datafield>
  <datafield tag="410" ind1="1" ind2=" ">
    <subfield code="a">‏افغانستان.‏</subfield>
    <subfield code="b">‏وزارت پلان.‏</subfield>
    <subfield code="b">‏رياست تعاون اقتصادى و تخنيکى</subfield>
  </datafield>
  <datafield tag="667" ind1=" " ind2=" ">
    <subfield code="a">Non-Latin script reference not evaluated</subfield>
  </datafield>
  <datafield tag="670" ind1=" " ind2=" ">
    <subfield code="a">Kumakʹhā-yi bi-lā ʻivaz̤-i khārijī dar panjsāl-i akhīr, 1971:</subfield>
    <subfield code="b">t.p. (رياست تعاون اقتصادى و تخنيکى وزارت پلان = Riyāsat-i Taʻāvun-i Iqtiṣādī va Tikhnīkī-i Vizārat-i Plān)</subfield>
  </datafield>
</record>